@misc {
    kafka,
    author={Fondation Apache},
    title={Apache Kafka},
    note={Consulté en 2019},
    howpublished = "\url{https://kafka.apache.org/}"
}

@book {
    book,
    author={Jean-François Hêche},
    title={{G}raphes \& {R}éseaux},
    month={février},
    year={2012},
    note={Consulté le 13.06.2018}
}
